@inproceedings{7077829,
  author    = {Gil-Cacho, Pepe and van Waterschoot, Toon and Moonen, Marc and Jensen, SÃ¸ren Holdt},
  booktitle = {2009 17th European Signal Processing Conference},
  title     = {Regularized adaptive notch filters for acoustic howling suppression},
  year      = {2009},
  volume    = {},
  number    = {},
  pages     = {2574-2578},
  doi       = {}
}

@book{vanwaterschoot2014,
  publisher = {KU Leuven, ESAT-STADIUS, SISTA},
  author    = {Toon Van Waterschoot},
  title     = {Digital Signal Processing-2, Adaptive Notch Filters for Acoustic Feedback Control},
  year      = {2014},
  url       = {https://homes.esat.kuleuven.be/~tvanwate/courses/dsp2/1415/DSP2_coursenotes_04_adaptievefiltering.pdf}
}

@inproceedings{ali2023frequency,
  title={A frequency tracker based on a Kalman filter update of a single parameter adaptive notch filter},
  author={Ali, Randall Azhar and van Waterschoot, Toon},
  booktitle={Proceedings of 26th International Conference on Digital Audio Effects DAFX 2023},
  year={2023}
}

@inproceedings{van2012time,
  title={Time-domain generalized cross correlation phase transform sound source localization for small microphone arrays},
  author={Van Den Broeck, Bert and Bertrand, Alexander and Karsmakers, Peter and Vanrumste, Bart and Moonen, Marc and others},
  booktitle={2012 5th European DSP Education and Research Conference (EDERC)},
  pages={76--80},
  year={2012},
  organization={IEEE}
}

@ARTICLE{5675660,
  author={van Waterschoot, Toon and Moonen, Marc},
  journal={Proceedings of the IEEE}, 
  title={Fifty Years of Acoustic Feedback Control: State of the Art and Future Challenges}, 
  year={2011},
  volume={99},
  number={2},
  pages={288-327},
  doi={10.1109/JPROC.2010.2090998}}


